<record><leader>00000cas a22000007a 4500</leader><controlfield tag="001">35577018</controlfield><controlfield tag="008">960918d19171918okuwr n       0    0eng d</controlfield><datafield ind1=" " ind2=" " tag="010"><subfield code="a">sn 96093000 </subfield></datafield><datafield ind1=" " ind2=" " tag="040"><subfield code="a">OBN</subfield><subfield code="b">eng</subfield><subfield code="c">OBN</subfield><subfield code="d">OCLCQ</subfield><subfield code="d">OCLCO</subfield></datafield><datafield ind1="1" ind2=" " tag="029"><subfield code="a">AU@</subfield><subfield code="b">000012845366</subfield></datafield><datafield ind1=" " ind2=" " tag="042"><subfield code="a">msc</subfield></datafield><datafield ind1=" " ind2=" " tag="043"><subfield code="a">n-us-ok</subfield></datafield><datafield ind1="0" ind2=" " tag="130"><subfield code="a">Red Rock record (Red Rock, Okla. : 1917)</subfield></datafield><datafield ind1="1" ind2="4" tag="245"><subfield code="a">The Red Rock record.</subfield></datafield><datafield ind1="3" ind2=" " tag="246"><subfield code="a">Record</subfield></datafield><datafield ind1=" " ind2=" " tag="260"><subfield code="a">Red Rock, Noble County, Okla. :</subfield><subfield code="b">Rex A. Clemons</subfield></datafield><datafield ind1=" " ind2=" " tag="300"><subfield code="a">v.</subfield></datafield><datafield ind1=" " ind2=" " tag="310"><subfield code="a">Weekly</subfield></datafield><datafield ind1="0" ind2=" " tag="362"><subfield code="a">Vol. 4, no. 50 (Mar. 8, 1917)-v. 6, no. 17 (June 27, 1918).</subfield></datafield><datafield ind1=" " ind2="0" tag="651"><subfield code="a">Red Rock (Okla.)</subfield><subfield code="v">Newspapers.</subfield></datafield><datafield ind1=" " ind2="0" tag="651"><subfield code="a">Noble County</subfield><subfield code="v">Newspapers.</subfield></datafield><datafield ind1=" " ind2=" " tag="752"><subfield code="a">United States</subfield><subfield code="b">Oklahoma</subfield><subfield code="c">Noble</subfield><subfield code="d">Red Rock.</subfield></datafield><datafield ind1="0" ind2="0" tag="780"><subfield code="t">Record (Red Rock, Okla.)</subfield><subfield code="w">(DLC)sn 96093999</subfield><subfield code="w">(OCoLC)35576942</subfield></datafield><datafield ind1="0" ind2="0" tag="785"><subfield code="t">Red Rock chieftain</subfield><subfield code="w">(DLC)sn 96093996</subfield><subfield code="w">(OCoLC)35576198</subfield></datafield></record>